<?xml version="1.0" encoding="UTF-8"?><collection xmlns="http://www.loc.gov/MARC21/slim"><record><leader>00371nam--2200133-i-4500</leader><controlfield tag="001">000031053</controlfield><controlfield tag="002">20161230</controlfield><controlfield tag="005">20161230201038</controlfield><controlfield tag="008">060222s1000------------r-----000-0-eng-d</controlfield><datafield ind1=" " ind2=" " tag="080"><subfield code="a">530.145.6(043)</subfield></datafield><datafield ind1=" " ind2=" " tag="100"><subfield code="a">Lochak, Georges</subfield></datafield><datafield ind1=" " ind2=" " tag="245"><subfield code="a">Quelques problemes sur le groupe des rotations et la toupie quantique.these</subfield></datafield><datafield ind1=" " ind2=" " tag="260"><subfield code="a">Paris, Universite, 1959. 39p</subfield></datafield><datafield ind1=" " ind2=" " tag="852"><subfield code="a">77011</subfield></datafield></record></collection>